@article{haupt2004practical,
  title={Practical genetic algorithms},
  author={Haupt, Randy L and Haupt, Sue Ellen},
  year={2004},
  publisher={John Wiley \& Sons}
}